<?xml version="1.0" encoding="UTF-8"?><collection><record><leader>02075ntm a2200325 a 4500</leader><controlfield tag="001">002594333</controlfield><controlfield tag="003">MiAaHDL</controlfield><controlfield tag="005">20190719000000.0</controlfield><controlfield tag="006">m        d        </controlfield><controlfield tag="007">cr bn ---auaua</controlfield><controlfield tag="008">930210s1769    xx            00||  ara d</controlfield><datafield tag="035" ind1=" " ind2=" "><subfield code="a">(MiU)002594333</subfield></datafield><datafield tag="035" ind1=" " ind2=" "><subfield code="a">sdr-miu002594333</subfield></datafield><datafield tag="035" ind1=" " ind2=" "><subfield code="a">(OCoLC)34365767</subfield></datafield><datafield tag="035" ind1=" " ind2=" "><subfield code="a">(RLIN)MIUH93-A21</subfield></datafield><datafield tag="040" ind1=" " ind2=" "><subfield code="a">MiU</subfield><subfield code="c">MiU</subfield><subfield code="e">appm</subfield><subfield code="d">MiU</subfield></datafield><datafield tag="245" ind1="0" ind2="0"><subfield code="6">880-01</subfield><subfield code="a">Kitāb fī aḥkām al-shiʻrah al-yamānīyah ʻalá al-tamām wa-al-kamāl :</subfield><subfield code="k">manuscript,</subfield><subfield code="f">[1769?].</subfield></datafield><datafield tag="300" ind1=" " ind2=" "><subfield code="a">1</subfield><subfield code="f">v. ([18] p. on 9 lvs.) ;</subfield><subfield code="c">22 cm.</subfield></datafield><datafield tag="500" ind1=" " ind2=" "><subfield code="a">Text rubricated.</subfield></datafield><datafield tag="500" ind1=" " ind2=" "><subfield code="a">Date and name of owner/copyist in colophon: tammat al-aḥkām ... wa-kāna al-farāgh min taʻlīq hādhihi al-nuskhah al-mubārakah yawm al-arbuʻāʾ al-mubārak thālith ʻasharī Rajab al-ghudw sanat 1183[?] [12 November 1769?] ʻalá yad mālikihi wa-nāsikhihi bi-yadihi al-fānitah al-faqīr ʻAbd Allāh ibn ʻAlī ibn ʻAbd al-Raḥmān al-Ḥusaynī al-Mālikī al-Ṭahṭāwī ...[?]... sayyidī Abī al-Qāsim al-Ḥusaynī al-Ṭahṭā.</subfield></datafield><datafield tag="520" ind1=" " ind2=" "><subfield code="a">On the astrological significance of the appearance of Sirius.</subfield></datafield><datafield tag="530" ind1=" " ind2=" "><subfield code="a">Microfilm available in repository.</subfield></datafield><datafield tag="538" ind1=" " ind2=" "><subfield code="a">Mode of access: Internet.</subfield></datafield><datafield tag="541" ind1=" " ind2=" "><subfield code="d">07/--/36</subfield><subfield code="3">Manuscript</subfield><subfield code="a">McGregor Fund</subfield><subfield code="c">Purchase, 1933/34</subfield></datafield><datafield tag="561" ind1=" " ind2=" "><subfield code="a">Purchased in Cairo, 1933/34. Owners' marks: on p. [1], owner/copyist's name: mālikuhā wa-nāsikhuhā bi-yadihi al-faqīr ʻAbd Allāh ... ibn ʻAbd al-Raḥmān ... al-Ṭahṭāwī; on p. [18], owner's name: milk al-faqīr al-shaykh ʻAbd al-ʻAzīz al-Ḥusaynī al-Mālikī.</subfield></datafield><datafield tag="650" ind1=" " ind2="0"><subfield code="a">Astronomy, Arab</subfield><subfield code="y">Early works to 1800.</subfield></datafield><datafield tag="650" ind1=" " ind2="0"><subfield code="a">Astrology, Arab</subfield><subfield code="y">Early works to 1800.</subfield></datafield><datafield tag="650" ind1=" " ind2="0"><subfield code="a">Manuscripts, Arabic</subfield><subfield code="z">Michigan</subfield><subfield code="z">Ann Arbor.</subfield></datafield><datafield tag="651" ind1=" " ind2="0"><subfield code="a">Sirius</subfield><subfield code="y">Early works to 1800.</subfield></datafield><datafield tag="773" ind1="0" ind2=" "><subfield code="7">unbc</subfield><subfield code="a">Tracy W. McGregor Collection of Arabic, Persian, and Turkish Mathematical and Astronomical Manuscripts.</subfield><subfield code="w">(CStRLIN)MIUH92-A20.</subfield></datafield><datafield tag="880" ind1="0" ind2="0"><subfield code="6">245-01/</subfield><subfield code="a">كتاب في أحكام الشعرة اليمنية على التمام والكمال :</subfield><subfield code="k">manuscript،</subfield><subfield code="f">[1769?].</subfield></datafield><datafield tag="CID" ind1=" " ind2=" "><subfield code="a">002594333</subfield></datafield><datafield tag="DAT" ind1="0" ind2=" "><subfield code="a">20190719102632.0</subfield><subfield code="b">20190719000000.0</subfield></datafield><datafield tag="DAT" ind1="1" ind2=" "><subfield code="a">20190719090653.0</subfield><subfield code="b">2019-07-19T16:10:34Z</subfield></datafield><datafield tag="DAT" ind1="2" ind2=" "><subfield code="a">2015-10-02T18:00:03Z</subfield></datafield><datafield tag="CAT" ind1=" " ind2=" "><subfield code="a">SDR-MIU</subfield><subfield code="d">EX LIBRIS - ALEPH</subfield><subfield code="l">prepare.pl-004-008</subfield></datafield><datafield tag="FMT" ind1=" " ind2=" "><subfield code="a">BK</subfield></datafield><datafield tag="HOL" ind1=" " ind2=" "><subfield code="0">sdr-miu002594333</subfield><subfield code="a">MiU</subfield><subfield code="b">SDR</subfield><subfield code="c">MIU</subfield><subfield code="p">mdp.39015081447412</subfield><subfield code="s">MIU</subfield><subfield code="1">002594333</subfield></datafield><datafield tag="974" ind1=" " ind2=" "><subfield code="b">MIU</subfield><subfield code="c">MIU</subfield><subfield code="d">20190719</subfield><subfield code="s">lit-dlps-dc</subfield><subfield code="u">mdp.39015081447412</subfield><subfield code="y">1769</subfield><subfield code="r">pd</subfield><subfield code="q">bib</subfield><subfield code="t">non-US bib date1 &lt; 1879</subfield></datafield></record></collection>